%@Book{StroetgenGertz2016_book,
%  author = {Jannik Str\"otgen and Michael Gertz},
%  title = {{Domain-Sensitive Temporal Tagging}},
%  publisher = {Synthesis Lectures on Human Language Technologies, Morgan \& Claypool Publishers},
%  year = {2016},
%  address = {San Rafael, CA, USA}
%}
%
%@ARTICLE{StroetgenEtAl2014_TALIP,
%  author = {Jannik Str\"otgen and Ayser Armiti and Tran Van Canh and Julian Zell and Michael Gertz},
%  title = {{Time for More Languages: Temporal Tagging of Arabic, Italian, Spanish, and Vietnamese}},
%  journal = {ACM Transactions on Asian Language Information Processing},
%  year = {2014},
%  volume = {13},
%  pages = {1:1--1:21},
%  number = {1},
%}
%
%@INPROCEEDINGS{StroetgenGertz2015_EMNLP,
%  author = {Jannik Str\"otgen AND Michael Gertz},
%  title = {{A Baseline Temporal Tagger for All Languages}},
%  booktitle = {Proceedings of the 2015 Conference on Empirical Methods in Natural Language Processing (EMNLP~'15)},
%  year = {2015},
%  pages = {541--547},
%  publisher = {ACL},
%}


@book{Manning:2008:IIR:1394399,
 author = {Manning, Christopher D. and Raghavan, Prabhakar and Sch\"{u}tze, Hinrich},
 title = {Introduction to Information Retrieval},
 year = {2008},
 publisher = {Cambridge University Press},
 address = {New York, NY, USA},
}

@MISC{Sanderson04analyzinggeographic,
    author = {Mark Sanderson and Janet Kohler},
    title = {Analyzing Geographic Queries},
    year = {2004}
}

@book { Leidner:2008:PhD,
	title            = "Toponym Resolution in Text : Annotation, Evaluation and Applications of Spatial Grounding of Place Names",
	year             = "2008",
	author           = "Jochen L Leidner",
	address          = "Boca Raton, FL, USA",
	publisher        = "Universal Press"}

@INPROCEEDINGS{Lieberman12adaptivecontext,
    author = {Michael D. Lieberman and Hanan Samet},
    title = {Adaptive context features for toponym resolution in streaming news},
    booktitle = {In SIGIRâ€™12: Proceedings of the 35th International ACM SIGIR Conference on Research and Development in Information Retrieval},
    year = {2012},
    pages = {731--740}
}


@inproceedings{Teitler:2008:NNV:1463434.1463458,
 author = {Teitler, Benjamin E. and Lieberman, Michael D. and Panozzo, Daniele and Sankaranarayanan, Jagan and Samet, Hanan and Sperling, Jon},
 title = {{NewsStand: A New View on News}},
 booktitle = {Proceedings of the 16th ACM SIGSPATIAL International Conference on Advances in Geographic Information Systems},
 series = {GIS '08},
 year = {2008},
 pages = {18:1--18:10},
 acmid = {1463458},
 publisher = {ACM},
 address = {New York, NY, USA},
} 


@inproceedings{Lieberman:2010:GUP:1722080.1722088,
 author = {Lieberman, Michael D. and Samet, Hanan and Sankaranayananan, Jagan},
 title = {{Geotagging: Using Proximity, Sibling, and Prominence Clues to Understand Comma Groups}},
 booktitle = {Proceedings of the 6th Workshop on Geographic Information Retrieval},
 series = {GIR '10},
 year = {2010},
 location = {Zurich, Switzerland},
 pages = {6:1--6:8},
 acmid = {1722088},
 publisher = {ACM},
 address = {New York, NY, USA},
} 